@Article{journals/bioinformatics/NeveuRPG16,
  title =	"PEPSI-Dock: a detailed data-driven protein-protein
		 interaction potential accelerated by polar Fourier
		 correlation",
  author =	"{\'E}milie Neveu and David W. Ritchie and Petr Popov
		 and Sergei Grudinin",
  journal =	"Bioinformatics",
  year = 	"2016",
  number =	"17",
  volume =	"32",
  bibdate =	"2017-05-28",
  bibsource =	"DBLP,
		 http://dblp.uni-trier.de/https://doi.org/10.1093/bioinformatics/btw443;
		 DBLP,
		 http://dblp.uni-trier.de/db/journals/bioinformatics/bioinformatics32.html#NeveuRPG16",
  pages =	"693--701",
}

@Article{journals/bmcbi/TeichertBP07,
  title =	"SABERTOOTH: protein structural alignment based on a
		 vectorial structure representation",
  author =	"Florian Teichert and Ugo Bastolla and Markus Porto",
  journal =	"BMC Bioinformatics",
  year = 	"2007",
  volume =	"8",
  bibdate =	"2017-06-05",
  bibsource =	"DBLP,
		 http://dblp.uni-trier.de/https://doi.org/10.1186/1471-2105-8-425;
		 DBLP,
		 http://dblp.uni-trier.de/db/journals/bmcbi/bmcbi8.html#TeichertBP07",
}

@Article{journals/ngc/HuedoBML05,
  title =	"A Framework for Protein Structure Prediction on the
		 Grid",
  author =	"Eduardo Huedo and Ugo Bastolla and Rub{\'e}n S.
		 Montero and Ignacio Mart{\'i}n Llorente",
  journal =	"New Generation Comput",
  year = 	"2005",
  number =	"4",
  volume =	"23",
  bibdate =	"2017-06-15",
  bibsource =	"DBLP,
		 http://dblp.uni-trier.de/https://doi.org/10.1007/BF03037634;
		 DBLP,
		 http://dblp.uni-trier.de/db/journals/ngc/ngc23.html#HuedoBML05",
  pages =	"277--290",
}

@Article{journals/jcc/PopovG14,
  title =	"Rapid determination of RMSDs corresponding to
		 macromolecular rigid body motions",
  author =	"Petr Popov and Sergei Grudinin",
  journal =	"Journal of Computational Chemistry",
  year = 	"2014",
  number =	"12",
  volume =	"35",
  bibdate =	"2017-05-28",
  bibsource =	"DBLP,
		 http://dblp.uni-trier.de/https://doi.org/10.1002/jcc.23569;
		 DBLP,
		 http://dblp.uni-trier.de/db/journals/jcc/jcc35.html#PopovG14",
  pages =	"950--956",
}

@Article{journals/jcc/ArtemovaGR11a,
  title =	"A comparison of neighbor search algorithms for large
		 rigid molecules",
  author =	"Svetlana Artemova and Sergei Grudinin and Stephane
		 Redon",
  journal =	"Journal of Computational Chemistry",
  year = 	"2011",
  number =	"13",
  volume =	"32",
  bibdate =	"2017-05-28",
  bibsource =	"DBLP,
		 http://dblp.uni-trier.de/https://doi.org/10.1002/jcc.21868;
		 DBLP,
		 http://dblp.uni-trier.de/db/journals/jcc/jcc32.html#ArtemovaGR11a",
  pages =	"2865--2877",
}

@Article{journals/jcamd/KadukovaG18,
  title =	"Docking of small molecules to farnesoid X receptors
		 using AutoDock Vina with the Convex-PL potential:
		 lessons learned from D3R Grand Challenge 2",
  author =	"Maria Kadukova and Sergei Grudinin",
  journal =	"Journal of Computer-Aided Molecular Design",
  year = 	"2018",
  number =	"1",
  volume =	"32",
  bibdate =	"2018-01-25",
  bibsource =	"DBLP,
		 http://dblp.uni-trier.de/https://doi.org/10.1007/s10822-017-0062-1;
		 DBLP,
		 http://dblp.uni-trier.de/db/journals/jcamd/jcamd32.html#KadukovaG18",
  pages =	"151--162",
}
 